% This bib resource format should be verified!!


@article{malleable,
  author    = {Danny Dolev and
               Cynthia Dwork and
               Moni Naor},
  title     = {Nonmalleable Cryptography},
  journal   = {{SIAM}},
  volume    = {45},
  number    = {4},
  pages     = {727--784}
}


@article{Shoup-Gennaro,
  author    = {Victor Shoup and
               Rosario Gennaro},
  title     = {Securing Threshold Cryptosystems against Chosen Ciphertext Attack},
  journal   = {J. Cryptology},
  volume    = {15},
  number    = {2},
  pages     = {75--96},
  year      = {2002}
}



@article{Hashgraph,
  author    = {Leemon Baird},
  title     = {THE {S}WIRLDS {H}ASHGRAPH CONSENSUS ALGORITHM: FAIR, FAST, {B}YZANTINE FAULT 					   TOLERANCE},
  url       = {http://www.swirlds.com/downloads/SWIRLDS-TR-2016-01.pdf}, 
  year      = {2016}
}

@article{Prime,
  author    = {Yair Amir and
               Brian A. Coan and
               Jonathan Kirsch and
               John Lane},
  title     = {Prime: {B}yzantine Replication under Attack},
  journal   = {{IEEE} Trans. Dependable Sec. Comput.},
  volume    = {8},
  number    = {4},
  pages     = {564--577},
  year      = {2011}
}


@article{SynchronyDefs,
  author    = {Cynthia Dwork and
               Nancy A. Lynch and
               Larry J. Stockmeyer},
  title     = {Consensus in the presence of partial synchrony},
  journal   = {J. {ACM}},
  volume    = {35},
  number    = {2},
  pages     = {288--323},
  year      = {1988}
}


@article{ClocksDistributed,
  author    = {Leslie Lamport},
  title     = {Time, Clocks, and the Ordering of Events in a Distributed System},
  journal   = {Commun. {ACM}},
  volume    = {21},
  number    = {7},
  pages     = {558--565},
  year      = {1978}
}


@article{StateMachineReplication,
  author    = {Fred B. Schneider},
  title     = {Implementing Fault-Tolerant Services Using the State Machine Approach:
               {A} Tutorial},
  journal   = {{ACM} Comput. Surv.},
  volume    = {22},
  number    = {4},
  pages     = {299--319},
  year      = {1990}
}

@article{tailskala,
  author    = {Matthew Skala},
  title     = {Hypergeometric tail inequalities: ending the insanity},
  year      = {2013},
  url       = {https://arxiv.org/abs/1311.5939},
  archivePrefix = {arXiv},
  eprint    = {1311.5939}
}

@article{tailchvatal,
  author    = {Vasek Chv{\'{a}}tal},
  title     = {The tail of the hypergeometric distribution},
  journal   = {Discrete Mathematics},
  volume    = {25},
  number    = {3},
  pages     = {285--287},
  year      = {1979}
}

@article{Paxos,
  author    = {Leslie Lamport},
  title     = {Paxos made simple},
  journal   = {{SIGACT} News},
  volume    = {32},
  number    = {4},
  pages     = {18--25},
  year      = {2001}
}

@inproceedings{SelfishMining,
  author    = {Ittay Eyal and
               Emin G{\"{u}}n Sirer},
  title     = {Majority Is Not Enough: {B}itcoin Mining Is Vulnerable},
  booktitle = {Financial Cryptography and Data Security},
  year      = {2014}
}




@inproceedings{BitcoinPropagation,
  author    = {Christian Decker and
               Roger Wattenhofer},
  title     = {Information propagation in the {B}itcoin network},
  booktitle = {{IEEE} Peer-to-Peer Computing},
  year      = {2013}
}

@inproceedings{HashSample1,
  author    = {Andrei Z Broder},
  title     = {On the resemblance and containment of documents},
  publisher = {{IEEE} Compression and Complexity of Sequences},
  year      = {1997}
}

@inproceedings{HashSample2,
  author    = {Thomas Holenstein},
  title     = {Parallel repetition: {S}implifications and the no-signaling case},
  booktitle = {{ACM} Symposium on Theory of Computing},
  year      = {2007}
}

@article{HashSample3,
  author    = {Jon M. Kleinberg and
               {\'{E}}va Tardos},
  title     = {Approximation algorithms for classification problems with pairwise
               relationships: {M}etric labeling and Markov random fields},
  journal   = {J. {ACM}},
  volume    = {49},
  number    = {5},
  pages     = {616--639},
  year      = {2002}
}

@inproceedings{SelfishMiningStrategies,
  author    = {Ayelet Sapirshtein and
               Yonatan Sompolinsky and
               Aviv Zohar},
  title     = {Optimal Selfish Mining Strategies in {B}itcoin},
  booktitle = {Springer Financial Cryptography and Data Security},
  year      = {2016}
}

@inproceedings{CoSi,
  author    = {Ewa Syta and
               Iulia Tamas and
               Dylan Visher and
               David Isaac Wolinsky and
               Philipp Jovanovic and
               Linus Gasser and
               Nicolas Gailly and
               Ismail Khoffi and
               Bryan Ford},
  title     = {Keeping Authorities ``Honest or Bust'' with Decentralized Witness Cosigning},
  booktitle = {{IEEE} Symposium on Security and Privacy},
  year      = {2016},
}


@article{CBF,
  author    = {Li Fan and
               Pei Cao and
               Jussara M. Almeida and
               Andrei Z. Broder},
  title     = {Summary cache: a scalable wide-area web cache sharing protocol},
  journal   = {{IEEE/ACM} Trans. Netw.},
  volume    = {8},
  number    = {3},
  pages     = {281--293},
  year      = {2000}
}


@article{VICBF,
  author    = {Ori Rottenstreich and
               Yossi Kanizo and
               Isaac Keslassy},
  title     = {The Variable-Increment Counting {B}loom Filter},
  journal   = {{IEEE/ACM} Trans. Netw.},
  volume    = {22},
  number    = {4},
  pages     = {1092--1105},
  year      = {2014}
}



@inproceedings{Byzcoin,
  author    = {Eleftherios Kokoris{-}Kogias and
               Philipp Jovanovic and
               Nicolas Gailly and
               Ismail Khoffi and
               Linus Gasser and
               Bryan Ford},
  title     = {Enhancing {B}itcoin Security and Performance with Strong Consistency
               via Collective Signing},
  booktitle = {{USENIX} Security},
  year      = {2016}
}


@inproceedings{FalsePositiveFree,
  author    = {Sándor Kiss and Éva Hosszu and János Tapolcai  and Lajos Rónyai and Ori Rottenstreich},
  title     = {{B}loom Filter with a False Positive Free Zone},
  booktitle = {{IEEE} {INFOCOM}},
  year      = {2018}
}



 

@article{Paradox,
  author    = {Ori Rottenstreich and
               Isaac Keslassy},
  title     = {The {B}loom Paradox: When Not to Use a Bloom Filter},
  journal   = {{IEEE/ACM} Trans. Netw.},
  volume    = {23},
  number    = {3},
  pages     = {703--716},
  year      = {2015}
}

@article{ReconciliationCBF,
  author    = {Deke Guo and
               Mo Li},
  title     = {Set Reconciliation via Counting Bloom Filters},
  journal   = {{IEEE} Trans. Knowl. Data Eng.},
  volume    = {25},
  number    = {10},
  pages     = {2367--2380},
  year      = {2013}
}

@article{Multiset,
  author    = {Lailong Luo and
               Deke Guo and
               Jie Wu and 
               Ori Rottenstreich and
               Qian He and
               Yudong Qin and
               Xueshan Luo},
  title     = {Efficient Multiset Synchronization},
  journal   = {{IEEE/ACM} Trans. Netw.},
  volume    = {25},
  number    = {2},
  pages     = {1190--1205},
  year      = {2017}
}


@article{Spectre,
  author    = {Yonatan Sompolinsky and
               Yoad Lewenberg and
               Aviv Zohar},
  title     = {{SPECTRE:} {A} Fast and Scalable Cryptocurrency Protocol},
  journal   = {{IACR} Cryptology ePrint Archive},
  volume    = {2016},
  pages     = {1159},
  year      = {2016}
}


@inproceedings{Ghost,
  author    = {Yonatan Sompolinsky and
               Aviv Zohar},
  title     = {Secure High-Rate Transaction Processing in {B}itcoin},
  booktitle = {Springer Financial Cryptography and Data Security},
  year      = {2015}
}

@misc{Bitcoin,
  author  = {Satoshi Nakamoto},
  title   = {{B}itcoin: {A} peer-to-peer electronic cash system},
  url     = {http://bitcoin.org/bitcoin.pdf},
  year    = {2009}
}

@misc{Zilliqa,
  author  = {{The ZILLIQA team}},
  title   = {The {ZILLIQA} Technical Whitepaper},
  url     = {https://docs.zilliqa.com/whitepaper.pdf},
  year    = {2017}
}

@misc{Ethereum,
  author  = {Gavin Wood},
  title   = {{E}thereum: {A} Secure Decentralised Generalised Transaction Ledger},
  url     = {http://gavwood.com/Paper.pdf},
  year    = {2014}
}

@misc{Stellar,
  author  = {David Mazieres},
  title   = {The Stellar Consensus Protocol: {A} Federated Model for Internet-level Consensus},
  url     = {https://www.stellar.org/papers/stellar-consensus-protocol.pdf},
  year    = {2016}
}


@article{GeneralsByzantine,
  author    = {Leslie Lamport and
               Robert E. Shostak and
               Marshall C. Pease},
  title     = {The {B}yzantine Generals Problem},
  journal   = {{ACM}},
  volume    = {4},
  number    = {3},
  pages     = {382--401},
  year      = {1982}
}


@inproceedings{FLP,
  author    = {Michael J. Fischer and
               Nancy A. Lynch and
               Mike Paterson},
  title     = {Impossibility of Distributed Consensus with One Faulty Process},
  booktitle = { {ACM} {SIGACT-SIGMOD}},
  year      = {1983}
}


@article{PBFT,
  author    = {Miguel Castro and
               Barbara Liskov},
  title     = {Practical {B}yzantine fault tolerance and proactive recovery},
  journal   = {{ACM} Trans. Comput. Syst.},
  volume    = {20},
  number    = {4},
  pages     = {398--461},
  year      = {2002}
}

@inproceedings{HoneyBadger,
  author    = {Andrew Miller and
               Yu Xia and
               Kyle Croman and
               Elaine Shi and
               Dawn Song},
  title     = {The Honey Badger of {BFT} Protocols},
  booktitle = {{ACM} {SIGSAC}},
  year      = {2016}
}


@article{BloomFilter,
  author    = {Burton H. Bloom},
  title     = {Space/Time Trade-offs in Hash Coding with Allowable Errors},
  journal   = {Commun. {ACM}},
  volume    = {13},
  number    = {7},
  pages     = {422--426},
  year      = {1970}
}

@inproceedings{SetDifference,
  author    = {David Eppstein and
               Michael T. Goodrich and
               Frank Uyeda and
               George Varghese},
  title     = {What's the difference?: {E}fficient set reconciliation without prior
               context},
  booktitle = {{ACM} {SIGCOMM}},
  year      = {2011}
}

@inproceedings{IBLT,
  author    = {Michael T. Goodrich and
               Michael Mitzenmacher},
  title     = {Invertible {B}loom lookup tables},
  booktitle = {Allerton Conference on Communication, Control, and Computing},
  year      = {2011}
}

@inproceedings{AlgorandImpl,
  author    = {Yossi Gilad and
               Rotem Hemo and
               Silvio Micali and
               Georgios Vlachos and
               Nickolai Zeldovich},
  title     = {Algorand: Scaling {B}yzantine Agreements for Cryptocurrencies},
  booktitle = {ACM Symposium on Operating Systems Principles (SOSP)},
  year      = {2017}
}

@article{AlgorandV9,
  author    = {Silvio Micali},
  title     = {{ALGORAND:} The Efficient and Democratic Ledger},
  journal   = {CoRR},
  volume    = {abs/1607.01341},
  year      = {2016}
}

@article{SecretSharing,
  author    = {Adi Shamir},
  title     = {How to Share a Secret},
  journal   = {Commun. {ACM}},
  volume    = {22},
  number    = {11},
  pages     = {612--613},
  year      = {1979}
}


@ARTICLE{Ripple,
	author = {Schwartz, David and Noah Youngs and Arthur Britto},
	title = {{The Ripple protocol consensus algorithm}},
	journal = {Ripple Labs Inc White Paper 5},
	year = {2014}
}

@ARTICLE{MerkleTree,
	author = {R. C. Merkle.},
	title = {{Secrecy, Authentication, and Public Key Systems.}},
	journal = {PhD thesis, Stanford},
	year = {1979}
}


@inproceedings{PoW,
  author    = {Cynthia Dwork and
               Moni Naor},
  title     = {Pricing via Processing or Combatting Junk Mail},
  booktitle = {Springer {CRYPTO}},
  year      = {1992}
}

@inproceedings{homoenc,
  author    = {Berry Schoenmakers},
  title     = {Homomorphic Encryption},
  booktitle = {Encyclopedia of Cryptography and Security, 2nd Ed.},
  pages     = {560--562},
  year      = {2011}
}


@inproceedings{Boldyreva,
  author    = {Alexandra Boldyreva},
  title     = {Threshold Signatures, Multisignatures and Blind Signatures Based on
               the {Gap-Diffie-Hellman}-Group Signature Scheme},
  booktitle = {Workshop on Theory and Practice in Public Key Cryptography  {(PKC)}},
  year      = {2003}
}



@article{thresholdcrypto, 
  author    = {Yvo Desmedt},
  title     = {Threshold Cryptography},
  journal   = {Encyclopedia of Cryptography and Security},
  pages     = {1288--1293},
  year      = {2011}
}



@article{RandomOracleModel, 
  author    = {Gerrit Bleumer},
  title     = {Random Oracle Model},
  journal = {Encyclopedia of Cryptography and Security},
  pages     = {1027--1028},
  year      = {2011}
}

@Inbook{CCA,
  author    = {Biryukov Alex},
  title     = {Chosen Ciphertext Attack},
  bookTitle = {Encyclopedia of Cryptography and Security},
  year      = {2011},
  publisher = {Springer US},
  pages     = {205--205}
}


@inproceedings{Sintra,
  author    = {Christian Cachin and
               Jonathan A. Poritz},
  title     = {Secure Intrusion-tolerant Replication on the Internet},
  booktitle = {{IEEE DSN}},
  year      = {2002}
}


@inproceedings{ClementByz,
  author    = {Allen Clement and
               Edmund L. Wong and
               Lorenzo Alvisi and
               Michael Dahlin and
               Mirco Marchetti},
  title     = {Making {B}yzantine Fault Tolerant Systems Tolerate {B}yzantine Faults},
  booktitle = {{USENIX} {NSDI}},
  year      = {2009}
}

@misc{Jepsen,
  author  = {},
  title   = {Jepsen: Distributed Systems Safety Analysis},
  url     = {http://jepsen.io/},
  year    = {}
}

@article{DBLP:journals/corr/DinhWCLOT17,
  author    = {Tien Tuan Anh Dinh and
               Ji Wang and
               Gang Chen and
               Rui Liu and
               Beng Chin Ooi and
               Kian{-}Lee Tan},
  title     = {{BLOCKBENCH:} {A} Framework for Analyzing Private Blockchains},
  journal   = {CoRR},
  volume    = {abs/1703.04057},
  year      = {2017}
}

@inproceedings{VRF,
  author    = {Silvio Micali and
               Michael O. Rabin and
               Salil P. Vadhan},
  title     = {Verifiable Random Functions},
  booktitle = {ACM {FOCS}},
  year      = {1999}
}


@inproceedings{AsyncAnalysisBlockchain,
  author    = {Rafael Pass and
               Lior Seeman and
               Abhi Shelat},
  title     = {Analysis of the Blockchain Protocol in Asynchronous Networks},
  booktitle = {{EUROCRYPT}},
  year      = {2017}
}


@article{ConstructRandomFunctions,
  author    = {Oded Goldreich and
               Shafi Goldwasser and
               Silvio Micali},
  title     = {How to construct random functions},
  journal   = {J. {ACM}},
  volume    = {33},
  number    = {4},
  pages     = {792--807},
  year      = {1986}
}

@inproceedings{CoinTossingBlum,
  author    = {Manuel Blum},
  title     = {Coin Flipping by Telephone},
  booktitle = {Advances in Cryptology Workshop},
  year      = {1981}
}

@inproceedings{SCRAP,
  author    = {Ignacio Cascudo and
               Bernardo David},
  title     = {{SCRAPE:} {S}calable Randomness Attested by Public Entities},
  booktitle = {Springer 
               {ACNS}},
  year      = {2017}
}



@inproceedings{NoLeaderThersholdDK2001,
  author    = {Ivan Damg{\aa}rd and
               Maciej Koprowski},
  title     = {Practical Threshold {RSA} Signatures without a Trusted Dealer},
  booktitle = {{EUROCRYPT}},
  year      = {2001}
}

@inproceedings{SenderAnonymity,
  author    = {Ciaccio Giuseppe},
  title     = {Improving sender anonymity in a structured overlay with imprecise routing},
  booktitle = {International Workshop on Privacy Enhancing Technologies 
              },
  year="2006",
publisher="Springer Berlin Heidelberg"
}


@article{Dandelion,
  author    = {Shaileshh Bojja Venkatakrishnan and
               Giulia C. Fanti and
               Pramod Viswanath},
  title     = {Dandelion: {R}edesigning the {B}itcoin Network for Anonymity},
  journal   = {{POMACS}},
  volume    = {1},
  number    = {1},
  pages     = {22:1--22:34},
  year      = {2017}
}


@inproceedings{hashsamplemultiple,
  author    = {Ronald L. Rivest},
  title     = {Symmetric encryption via keyrings and {ECC}},
  year      = {2016}
}

@article{OptCorSampling,
  author    = {Mohammad Bavarian and
               Badih Ghazi and
               Elad Haramaty and
               Pritish Kamath and
               Ronald L. Rivest and
               Madhu Sudan},
  title     = {The Optimality of Correlated Sampling},
  journal   = {CoRR},
  volume    = {abs/1612.01041},
  year      = {2016}
}


@article{IOTA,
  author    = {Serguei Popov},
  title     = {{The Tangle}},
  url       = {https://iota.org/IOTA_Whitepaper.pdf}, 
  year      = {2017}
}
 

@article{blockchain_in_wild,
  author    = {Christian Cachin and
               Marko Vukolic},
  title     = {Blockchain Consensus Protocols in the Wild},
  journal   = {CoRR},
  volume    = {abs/1707.01873},
  year      = {2017}
}


@article{Tangaroa,
  author    = {Christopher Copeland and Hongxia Zhong},
  title     = {Tangaroa: {A} {B}yzantine Fault Tolerant {Raft}},
  url       = {http://www.scs.stanford.edu/14au-cs244b/labs/projects/copeland_zhong.pdf}, 
  year      = {2014}
}


@article{Phantom,
  author    = {Yonatan Sompolinsky and Aviv Zohar},
  title     = {{PHANTOM}: A Scalable Block{DAG} protocol},
  journal   = {{IACR} Cryptology ePrint Archive},
  volume    = {2018},
  pages     = {104},
  year      = {2018}
}


@inproceedings{Raft,
  author    = {Diego Ongaro and
               John K. Ousterhout},
  title     = {In Search of an Understandable Consensus Algorithm},
  booktitle = {{USENIX} Annual Technical Conference},
  year      = {2014}
}


@article{BticoinPublicRandomSource,
  author    = {Joseph Bonneau and
               Jeremy Clark and
               Steven Goldfeder},
  title     = {On {B}itcoin as a public randomness source},
  journal   = {{IACR} Cryptology ePrint Archive},
  pages     = {1015},
  year      = {2015}
}


@misc{Tendermint,
  author = {Ethan Buchman},
  title = {Tendermint: {B}yzantine Fault Tolerance in the Age of Blockchains},
  publisher = {Master's Thesis at University of Guelph, Ontario},
  year = {2016},
  month = {Jun}
}


@article{Verifier's_Dilemma,
  author    = {Loi Luu and
               Jason Teutsch and
               Raghav Kulkarni and
               Prateek Saxena},
  title     = {Demystifying incentives in the consensus computer},
  journal   = {{IACR} Cryptology ePrint Archive},
  volume    = {2015},
  pages     = {702},
  year      = {2015}
}


@article{Hot-Stuff,
  author    = {Ittai Abraham and
               Guy Gueta and
               Dahlia Malkhi},
  title     = {Hot-Stuff the Linear, Optimal-Resilience, One-Message {BFT} Devil},
  journal   = {CoRR},
  volume    = {abs/1803.05069},
  year      = {2018}
}

@articel{Dfinity,
  author = {Timo Hanke and Mahnush Movahedi and Dominic Williams},
  title = {DFINITY Technology Overview Series Consensus System},
  type = {White Paper},
  month = {January},
  year = {2018},
  affiliation = {Dfinity},
  url = {https://dfinity.org/pdf-viewer/library/dfinity-consensus.pdf}
}

@misc{githubconsensus,
  title = {{Helix open-source implementation}},
  url =   {https://github.com/orbs-network/consensus-fairness-simulation/},
  year = {2018}
}


@inproceedings{2Generals,
  author    = {Jim Gray},
  title     = {Notes on Data Base Operating Systems},
  booktitle = {Operating Systems, An Advanced Course},
  pages     = {393--481},
  year      = {1978}
}


@inproceedings{SignaturesWithDistributedTraceability,
  author    = {Johannes Bl{\"{o}}mer and
               Jakob Juhnke and
               Nils L{\"{o}}ken},
  title     = {Short Group Signatures with Distributed Traceability},
  booktitle = {{MACIS}},
  pages     = {166--180},
  year      = {2015}
}


@article{SignaturesWithThresholdTraceability,
  author    = {Dong Zheng and
               Xiangxue Li and
               Changshe Ma and
               Kefei Chen and
               Jianhua Li},
  title     = {Democratic Group Signatures with Threshold Traceability},
  journal   = {{IACR}},
  volume    = {2008},
  pages     = {112},
  year      = {2008}
}

